@article{Cramer1986,
  author = {Cramer, John G.},
  title = {The Transactional Interpretation of Quantum Mechanics},
  journal = {Reviews of Modern Physics},
  volume = {58},
  pages = {647},
  year = {1986}
}

@article{Aharonov1964,
  author = {Aharonov, Yakir and Bergmann, Peter and Lebowitz, Joel},
  title = {Time Symmetry in the Quantum Process of Measurement},
  journal = {Physical Review},
  volume = {134},
  pages = {1410},
  year = {1964}
}

@book{Price1996,
  author = {Price, Huw},
  title = {Time's Arrow and Archimedesâ€™ Point},
  publisher = {Oxford University Press},
  year = {1996}
}

@article{Zurek2003,
  author = {Zurek, Wojciech},
  title = {Decoherence, Einselection, and the Quantum Origins of the Classical},
  journal = {Reviews of Modern Physics},
  volume = {75},
  pages = {715},
  year = {2003}
}

@article{Rovelli1996,
  author = {Rovelli, Carlo},
  title = {Relational Quantum Mechanics},
  journal = {International Journal of Theoretical Physics},
  volume = {35},
  pages = {1637},
  year = {1996}
}

@article{Maldacena1998,
  author = {Maldacena, Juan},
  title = {The Large-N Limit of Superconformal Field Theories and Supergravity},
  journal = {Adv. Theor. Math. Phys.},
  volume = {2},
  pages = {231},
  year = {1998}
}

@book{Susskind2018,
  author = {Susskind, Leonard},
  title = {Complexity and the Fabric of Spacetime},
  publisher = {Oxford University Press},
  year = {2018}
}

@book{Greene2000,
  author = {Greene, Brian},
  title = {The Elegant Universe},
  publisher = {W. W. Norton},
  year = {2000}
}

@book{Penrose2004,
  author = {Penrose, Roger},
  title = {The Road to Reality},
  publisher = {Jonathan Cape},
  year = {2004}
}

@book{Carroll2010,
  author = {Carroll, Sean},
  title = {From Eternity to Here: The Quest for the Ultimate Theory of Time},
  publisher = {Dutton},
  year = {2010}
}
